<record><leader>00000cas a22000007a 4500</leader><controlfield tag="001">17962917</controlfield><controlfield tag="008">880517c19uu9999txuwr ne      0   a0eng d</controlfield><datafield ind1=" " ind2=" " tag="010"><subfield code="a">sn 88083509 </subfield></datafield><datafield ind1=" " ind2=" " tag="040"><subfield code="a">PPM</subfield><subfield code="b">eng</subfield><subfield code="c">PPM</subfield><subfield code="d">NSD</subfield><subfield code="d">OCLCQ</subfield></datafield><datafield ind1=" " ind2=" " tag="012"><subfield code="m">1</subfield></datafield><datafield ind1="1" ind2=" " tag="022"><subfield code="a">1054-2515</subfield><subfield code="l">1054-2515</subfield><subfield code="2">1</subfield></datafield><datafield ind1=" " ind2=" " tag="032"><subfield code="a">696000</subfield><subfield code="b">USPS</subfield></datafield><datafield ind1=" " ind2=" " tag="037"><subfield code="b">Yoakum Herald-Times, POB 798, Yoakum, TX 77995</subfield></datafield><datafield ind1=" " ind2=" " tag="042"><subfield code="a">msc</subfield><subfield code="a">nsdp</subfield></datafield><datafield ind1=" " ind2="0" tag="222"><subfield code="a">Yoakum herald-times</subfield></datafield><datafield ind1="0" ind2="0" tag="245"><subfield code="a">Yoakum herald and times.</subfield></datafield><datafield ind1="3" ind2="0" tag="246"><subfield code="a">Yoakum herald-times</subfield></datafield><datafield ind1=" " ind2=" " tag="260"><subfield code="a">Yoakum, Tex. :</subfield><subfield code="b">H.D. Meister</subfield></datafield><datafield ind1=" " ind2=" " tag="300"><subfield code="a">v.</subfield></datafield><datafield ind1=" " ind2=" " tag="310"><subfield code="a">Weekly</subfield></datafield><datafield ind1=" " ind2=" " tag="500"><subfield code="a">Issues for: &lt;Nov. 8, 1990-&gt; have the title: Yoakum herald-times.</subfield></datafield><datafield ind1=" " ind2=" " tag="500"><subfield code="a">Publisher: Yoakum Herald-Times, &lt;Nov. 8, 1990-&gt;</subfield></datafield><datafield ind1=" " ind2=" " tag="515"><subfield code="a">Issues for: &lt;Dec. 23, 1943-&gt; called also: &lt;Vol. 47-&gt;</subfield></datafield><datafield ind1=" " ind2=" " tag="588"><subfield code="a">Description based on: Dec. 23, 1943.</subfield></datafield><datafield ind1=" " ind2=" " tag="588"><subfield code="a">Latest issue consulted: 98th year, no. 83 (Nov. 8, 1990).</subfield></datafield><datafield ind1=" " ind2=" " tag="752"><subfield code="a">United States</subfield><subfield code="b">Texas</subfield><subfield code="c">Lavaca</subfield><subfield code="d">Yoakum.</subfield></datafield><datafield ind1=" " ind2=" " tag="752"><subfield code="a">United States</subfield><subfield code="b">Texas</subfield><subfield code="c">De Witt</subfield><subfield code="d">Yoakum.</subfield></datafield></record>